<record><leader>00000cas a2200000 i 4500</leader><controlfield tag="001">900950295</controlfield><controlfield tag="007">hd afb---baca</controlfield><controlfield tag="008">150129c19509999fludr nea     0    0spa  </controlfield><datafield ind1=" " ind2=" " tag="010"><subfield code="a">  2015218515</subfield></datafield><datafield ind1=" " ind2=" " tag="040"><subfield code="a">DLC</subfield><subfield code="b">eng</subfield><subfield code="e">rda</subfield><subfield code="c">DLC</subfield><subfield code="d">DLC</subfield><subfield code="d">OCLCF</subfield></datafield><datafield ind1=" " ind2=" " tag="042"><subfield code="a">pcc</subfield></datafield><datafield ind1="0" ind2="0" tag="050"><subfield code="a">Newspaper</subfield></datafield><datafield ind1="0" ind2=" " tag="130"><subfield code="a">Pais (Cali, Colombia)</subfield></datafield><datafield ind1="1" ind2="3" tag="245"><subfield code="a">El pais.</subfield></datafield><datafield ind1=" " ind2="1" tag="264"><subfield code="a">[Miami, FL] :</subfield><subfield code="b">Libros Andinos</subfield></datafield><datafield ind1=" " ind2=" " tag="300"><subfield code="a">microfilm reels ;</subfield><subfield code="c">35 mm</subfield></datafield><datafield ind1=" " ind2=" " tag="310"><subfield code="a">Daily</subfield></datafield><datafield ind1=" " ind2=" " tag="336"><subfield code="a">text</subfield><subfield code="b">txt</subfield><subfield code="2">rdacontent</subfield></datafield><datafield ind1=" " ind2=" " tag="337"><subfield code="a">microform</subfield><subfield code="b">h</subfield><subfield code="2">rdamedia</subfield></datafield><datafield ind1=" " ind2=" " tag="338"><subfield code="a">microfilm reel</subfield><subfield code="b">hd</subfield><subfield code="2">rdacarrier</subfield></datafield><datafield ind1="1" ind2=" " tag="362"><subfield code="a">Began April 23, 1950.</subfield></datafield><datafield ind1=" " ind2=" " tag="588"><subfield code="a">Description based on: An&#771;o 64, no. 22.838 (1 de Octubre del 2013); title from masthead.</subfield></datafield><datafield ind1=" " ind2=" " tag="588"><subfield code="a">Latest issue consulted: An&#771;o 65, no. 23.061 (15 de Mayo del 2014).</subfield></datafield><datafield ind1=" " ind2="0" tag="651"><subfield code="a">Cali (Colombia)</subfield><subfield code="v">Newspapers.</subfield></datafield><datafield ind1=" " ind2="7" tag="655"><subfield code="a">Newspapers.</subfield><subfield code="2">fast</subfield><subfield code="0">(OCoLC)fst01423814</subfield></datafield><datafield ind1=" " ind2="7" tag="651"><subfield code="a">Colombia</subfield><subfield code="z">Cali.</subfield><subfield code="2">fast</subfield><subfield code="0">(OCoLC)fst01206333</subfield></datafield><datafield ind1=" " ind2=" " tag="752"><subfield code="a">Colombia</subfield><subfield code="d">Cali.</subfield></datafield><datafield ind1="0" ind2="8" tag="776"><subfield code="i">Reproduction of (manifestation):</subfield><subfield code="s">Pais (Cali, Colombia)</subfield><subfield code="t">Pais</subfield><subfield code="d">Cali, Colombia</subfield><subfield code="w">(DLC)sn2004058022</subfield><subfield code="w">(OCoLC)54934188</subfield></datafield></record>